@inproceedings{chord:sigcomm01,
  title = {Chord: A Scalable Peer-to-peer Lookup Service for Internet
Applications},
  author = {Ion Stoica and Robert Morris and David Karger and M. Frans Kaashoek
and Hari Balakrishnan},
  booktitle = {Proceedings of the {ACM} {SIGCOMM} '01 Conference},
  year = {2001},
  month = {August},
  address = {San Diego, California},
  pages = {},
}

@inproceedings{dhash:nsdi,
  title = {Designing a {DHT} for low latency and high throughput},
  author = {Frank Dabek and Jinyang Li and Emil Sit and James Robertson and M.
Frans Kaashoek and Robert Morris},
  booktitle = {Proceedings of the 1st {USENIX} {S}ymposium on {N}etworked
{S}ystems {D}esign and {I}mplementation ({NSDI} '04)},
  year = {2004},
  month = {March},
  address = {San Francisco, California},
}

@ARTICLE{Naor07novelarchitectures,
    author = {Moni Naor and Udi Wieder},
    title = {Novel Architectures for P2P Applications: the Continuous-Discrete Approach},
    journal = {ACM TRANSACTIONS ON ALGORITHMS},
    year = {2007},
    volume = {3},
    number = {3},
    pages = {50--59}
}

@MISC{Lakshman_cassandra-a,
    author = {Avinash Lakshman and Prashant Malik},
    title = {Cassandra- A Decentralized Structured Storage System},
    year = {}
}

@INPROCEEDINGS{Chang06bigtable:a,
    author = {Fay Chang and Jeffrey Dean and Sanjay Ghemawat and Wilson C. Hsieh and Deborah A. Wallach and Mike Burrows and Tushar Chandra and Andrew Fikes and Robert E. Gruber},
    title = {Bigtable: A distributed storage system for structured data},
    booktitle = {IN PROCEEDINGS OF THE 7TH CONFERENCE ON USENIX SYMPOSIUM ON OPERATING SYSTEMS DESIGN AND IMPLEMENTATION - VOLUME 7},
    year = {2006},
    pages = {205--218},
    publisher = {}
}

@INPROCEEDINGS{Saumitra04howto,
    author = {Himabindu Pucha Saumitra and Saumitra M. Das and Y. Charlie Hu},
    title = {How to Implement DHTs in Mobile Ad Hoc Networks?},
    booktitle = {Student poster, the 10th ACM International Conference on Mobile Computing and Network (MobiCom 2004), September-October},
    year = {2004}
}

@INPROCEEDINGS{Johnson02dynamicsource,
    author = {David B. Johnson and David A. Maltz},
    title = {Dynamic Source Routing in Ad Hoc Wireless Networks},
    booktitle = {MOBILE COMPUTING},
    year = {2002},
    pages = {153--181},
    publisher = {Kluwer Academic Publishers}
}

@MISC{Rowstron01pastry:scalable,
    author = {Antony Rowstron and Peter Druschel},
    title = {Pastry: Scalable, distributed object location and routing for large-scale peer-to-peer systems},
    year = {2001}
}

@inproceedings{consistentHashing,
 author = {Karger, David and Lehman, Eric and Leighton, Tom and Panigrahy, Rina and Levine, Matthew and Lewin, Daniel},
 title = {Consistent hashing and random trees: distributed caching protocols for relieving hot spots on the World Wide Web},
 booktitle = {STOC '97: Proceedings of the twenty-ninth annual ACM symposium on Theory of computing},
 year = {1997},
 isbn = {0-89791-888-6},
 pages = {654--663},
 location = {El Paso, Texas, United States},
 doi = {http://doi.acm.org/10.1145/258533.258660},
 publisher = {ACM},
 address = {New York, NY, USA},
 }

@inproceedings{positRWG,
  author = {Asplund, M. and  deLanerolle, T. and Fei, C. and  Gautam,P and Morelli,R. and  Nadjm-Tehrani, S. and G. Nykvist},
  title = {Wireless Ad Hoc Dissemination for Search and Rescue}, 
  booktitle = {7th International Conference on Information Systems for Crisis Response and Management}, 
  year = {2010},
  month = {May},
  publisher = {ISCRAM}, 
}

 
